@misc{pythondoc,
	author="Python Software Foundation",
	title="The Python Tutorial",
	howpublished="http://docs.python.org/tutorial/index.html"
}

@misc{pythonlicense,
    author="Python Software Foundation",
    title="History and Licence",
    howpublished="http://docs.python.org/license.html"

}

@book{learningpython,
	author="Mark Lutz",
	title="Learning Python",
	year="2008"
}